@article{martelli1982efficient,
  title={An efficient unification algorithm},
  author={Martelli, Alberto and Montanari, Ugo},
  journal={ACM Transactions on Programming Languages and Systems (TOPLAS)},
  volume={4},
  number={2},
  pages={258--282},
  year={1982},
  publisher={ACM}
}

@article{baader2001unification,
  title={Unification theory},
  author={Baader, Franz and Snyder, Wayne},
  journal={Handbook of automated reasoning},
  volume={1},
  pages={445--532},
  year={2001}
}

@book{baader1998rewriting,
  author = {Baader, Franz and Nipkow, Tobias},
  title = {Term Rewriting and All That},
  year = {1998},
  isbn = {0-521-45520-0},
  publisher = {Cambridge University Press},
  address = {New York, NY, USA},
}

@inproceedings{damas1982principal,
  title={Principal Type-Schemes for Functional Programs.},
  author={Damas, Luis and Milner, Robin},
  booktitle={POPL},
  volume={82},
  pages={207--212},
  year={1982}
}

@article{chlipala2010introduction,
  title={An introduction to programming and proving with dependent types in Coq},
  author={Chlipala, Adam},
  journal={Journal of Formalized Reasoning},
  volume={3},
  number={2},
  pages={1--93},
  year={2010}
}

@techreport{UCFV02,
  TITLE = {{Formal Verification in Industry}},
  AUTHOR = {John Harrison},
  URL = {https://www.cl.cam.ac.uk/~jrh13/slides/anu-06dec02/slides.pdf},
  INSTITUTION = {{University of Cambridge}},
  YEAR = {2002},
  MONTH = {December},
  PDF = {https://www.cl.cam.ac.uk/~jrh13/slides/anu-06dec02/slides.pdf},
}


@techreport{UCI18,
  TITLE = {{What is Formal Verification, Why is its Importance Increasing,
            and How is it Developing?}},
  AUTHOR = {John Franco},
  URL = {http://gauss.ececs.uc.edu/Courses/c626/lectures/Intro/std.pdf},
  INSTITUTION = {{University of Cincinnati}},
  YEAR = {2018},
  PDF = {http://gauss.ececs.uc.edu/Courses/c626/lectures/Intro/std.pdf},
}
